<?xml version="1.0" encoding="UTF-8"?><collection xmlns="http://www.loc.gov/MARC21/slim"><record><leader>00376nam--2200133-i-4500</leader><controlfield tag="001">000032683</controlfield><controlfield tag="002">20161230</controlfield><controlfield tag="005">20161230201039</controlfield><controlfield tag="008">060222s1000------------r-----000-0-eng-d</controlfield><datafield ind1=" " ind2=" " tag="080"><subfield code="a">530.145.6:1</subfield></datafield><datafield ind1=" " ind2=" " tag="100"><subfield code="a">Mehra, Jagdish</subfield></datafield><datafield ind1=" " ind2=" " tag="245"><subfield code="a">The quantum principle: ist interpretation and epistemology</subfield></datafield><datafield ind1=" " ind2=" " tag="260"><subfield code="a">Dordrecht, D.Reidel Publishing Company, 1974. Xii+132p</subfield></datafield><datafield ind1=" " ind2=" " tag="852"><subfield code="a">43231</subfield></datafield></record></collection>